
% https://www.youtube.com/watch?v=AEVrpvaObdI
% https://www.allaboutcircuits.com/technical-articles/elliptic-curve-cryptography-in-embedded-systems/
% https://www.iacr.org/authors/tikz/

@article{vania2011curvas,
    author = {Vania Batista Schunck Flose},
    journal = {Universidade Estadual Paulista Júlio de Mesquita Filho - Instituto de Geociência e Ciências Exatas},
    title = {{Criptografia e Curvas Elípticas}},
    year = {2011},
    url = {https://repositorio.unesp.br/bitstream/handle/11449/94347/flose_vbs_me_rcla.pdf},
    note = {Disponível em <\url{https://repositorio.unesp.br/bitstream/handle/11449/94347/flose_vbs_me_rcla.pdf}>. Acessado em dez 2019.}
}

@book{hankerson2004guide,
    author = {Hankerson, Menezes, Vanstone},
    isbn = {038795273X},
    pages = {311},
    publisher = {Springer},
    title = {{Guide to Elliptic Curve Cryptography}},
    url = {http://cdn.preterhuman.net/texts/cryptography/Hankerson,\%20Menezes,\%20Vanstone.\%20Guide\%20to\%20elliptic\%20curve\%20cryptography\%20(Springer,\%202004)(ISBN\%20038795273X)(332s)_CsCr_.pdf},
    year = {2004}
}

@article{laska2012introducao,
    author = {Titus Laska},
    journal = {Institut für Mathematik, Freie Universität Berlin},
    title = {{Criptografia com curvas elípticas – uma pequena introdução}},
    year = {2012},
    url = {http://random-ti.bplaced.net/ecc/curvas-elipticas.pdf},
    note = {Disponível em <\url{http://random-ti.bplaced.net/ecc/curvas-elipticas.pdf}>. Acessado em dez 2019.}
}

@article{dahab2000overview,
    author = {López, Dahab},
    journal = {State University of Campinas - Institute of Computing},
    title = {{An Overview of Elliptic Curve Cryptography}},
    year = {2000},
    url = {http://citeseerx.ist.psu.edu/viewdoc/download?doi=10.1.1.37.2771&rep=rep1&type=pdf},
    note = {Disponível em <\url{http://citeseerx.ist.psu.edu/viewdoc/download?doi=10.1.1.37.2771&rep=rep1&type=pdf}>. Acessado em dez 2019.}
}

@article{vanstone2000state,
    author = {Koblitz, Menezes, Vanstone},
    journal = {Kluwer Academic Publishers},
    title = {{The State of Elliptic Curve Cryptography}},
    year = {2000},
    url = {https://www.cse.iitk.ac.in/users/nitin/courses/WS2010-ref2.pdf},
    note = {Disponível em <\url{https://www.cse.iitk.ac.in/users/nitin/courses/WS2010-ref2.pdf}>. Acessado em dez 2019.}
}

@article{portnoi2005curvas,
    author = {Portnoi},
    journal = {Universidade Salvador - Núcleo de Pesquisa Interdepartamental em Redes de Computadores},
    title = {{Criptografia com Curvas Elípticas}},
    year = {2005},
    url = {https://www.eecis.udel.edu/~portnoi/publications/criptografia_com_curvas_elipticas.pdf},
    note = {Disponível em <\url{https://www.eecis.udel.edu/~portnoi/publications/criptografia_com_curvas_elipticas.pdf}>. Acessado em dez 2019.}
}

@article{lara2010curvas,
    author = {Lara, Oliveira},
    journal = {Laboratório Nacional de Computação Científica},
    title = {{Curvas Elípticas: Aplicação em Criptografia Assimétrica}},
    year = {2010},
    url = {https://www.lncc.br/~borges/doc/Curvas\%20Elipticas\%20-\%20Aplicacao\%20em\%20Criptografia\%20Assimetrica.pdf},
    note = {Disponível em <\url{https://www.lncc.br/~borges/doc/Curvas\%20Elipticas\%20-\%20Aplicacao\%20em\%20Criptografia\%20Assimetrica.pdf}>. Acessado em dez 2019.}
}

@article{nist2013fipspub186,
    author = {NIST},
    journal = {NIST - National Institute of Standard and Technology},
    title = {{FIPS PUB 186-4 - Digital Signature Standard (DSS)}},
    year = {2013},
    url = {https://nvlpubs.nist.gov/nistpubs/FIPS/NIST.FIPS.186-4.pdf},
    note = {Disponível em <\url{https://nvlpubs.nist.gov/nistpubs/FIPS/NIST.FIPS.186-4.pdf}>. Acessado em dez 2019.}
}
